
@book{JRA,
 author={Jean-Raymond Abrial},
 title={The B-Book: Assigning Programs to Meanings},
 year = 1996,
 isbn = 9780521021753,
 publisher = {Cambridge University Press}, 
 address = {Cambridge}
}

@book{JBW,
  title = {Software Engineering with B},
  publisher = {Addison-Wesley},
  year = {1996},
  author = {J.B Wordsworth },
  address = {England}
}

 
@manual{ScadeRef,
title={Scade Language Reference Manual},
author={Esterel Technologies},
year={2012}
}

@manual{BRef,
title={B Language Reference Manual},
author={Clearsy},
version = {1.8.7},
year={2012}
}

@PhdThesis{MLPotet, 
author = {Potet, Marie-Laure},
title = {Spécifications et développements formels : Etude des aspects compositionnels dans la méthode B},
type = {Habilitation à diriger les recherches},
school = {INPG},
address = {Grenoble, France},
year = {2002}
} 

@article{Hoare,
  author    = {C. A. R. Hoare},
  title     = {An Axiomatic Basis for Computer Programming (Reprint)},
  journal   = {Commun. ACM},
  volume    = {26},
  number    = {1},
  year      = {1983},
  pages     = {53-56}
}

@misc{AtelierB,
author={Clearsy},
title={Atelier B},
note={www.atelierb.eu}
}
 
@INPROCEEDINGS{Pouzet,
  author = {Paul Caspi and Marc Pouzet},
  title = {{Synchronous Kahn Networks}},
  booktitle = {ACM SIGPLAN International Conference on Functional Programming},
  year = {1996},
  address = {Philadelphia, Pensylvania},
}

@misc{Estech,
author={Esterel Technologies},
note={www.esterel-technologies.com}
}



@misc{Cercles,
author={Cercles$^2$},
title={la {CER}tification {C}ompositionnelle des {L}ogiciels {E}mbarqués critique{S} et {S}ûrs},
howpublished = {www.algo-prog.info/cercles}
}

